<record><leader>00000cas a22000007a 4500</leader><controlfield tag="001">15905182</controlfield><controlfield tag="008">870611d1931193uinuwr ne      0    0eng d</controlfield><datafield ind1=" " ind2=" " tag="010"><subfield code="a">sn 87055230 </subfield></datafield><datafield ind1=" " ind2=" " tag="040"><subfield code="a">NPI</subfield><subfield code="b">eng</subfield><subfield code="c">NPI</subfield><subfield code="d">OCLCQ</subfield></datafield><datafield ind1=" " ind2=" " tag="042"><subfield code="a">msc</subfield></datafield><datafield ind1="0" ind2="0" tag="245"><subfield code="a">Clarks Hill reporter.</subfield></datafield><datafield ind1="1" ind2="7" tag="246"><subfield code="a">Tippecanoe County reporter</subfield></datafield><datafield ind1=" " ind2=" " tag="260"><subfield code="a">Clark's Hill, Ind. :</subfield><subfield code="b">Sheldon Dodge</subfield></datafield><datafield ind1=" " ind2=" " tag="310"><subfield code="a">Weekly</subfield></datafield><datafield ind1="1" ind2=" " tag="362"><subfield code="a">Began in 1931?</subfield></datafield><datafield ind1=" " ind2=" " tag="500"><subfield code="a">"Serves Clarks Hill, Stockwell, Romney and south-eastern Tippecanoe County."</subfield></datafield><datafield ind1=" " ind2=" " tag="588"><subfield code="a">Description based on: Vol. 4, no. 34 (Aug. 20, 1936).</subfield></datafield><datafield ind1=" " ind2=" " tag="752"><subfield code="a">United States</subfield><subfield code="b">Indiana</subfield><subfield code="c">Tippecanoe</subfield><subfield code="d">Clarks Hill.</subfield></datafield><datafield ind1=" " ind2=" " tag="752"><subfield code="a">United States</subfield><subfield code="b">Indiana</subfield><subfield code="c">Tippecanoe.</subfield></datafield><datafield ind1="0" ind2="0" tag="785"><subfield code="t">Tippecanoe County reporter</subfield><subfield code="w">(DLC)sn 87055231</subfield></datafield></record>